<record><leader>00000cas a22000007a 4500</leader><controlfield tag="001">11288595</controlfield><controlfield tag="008">841020d19161917ohudr ne      0    0eng d</controlfield><datafield ind1=" " ind2=" " tag="010"><subfield code="a">sn 84028676 </subfield></datafield><datafield ind1=" " ind2=" " tag="040"><subfield code="a">NPY</subfield><subfield code="b">eng</subfield><subfield code="c">NPY</subfield><subfield code="d">ONP</subfield><subfield code="d">OCLCQ</subfield></datafield><datafield ind1=" " ind2=" " tag="042"><subfield code="a">msc</subfield></datafield><datafield ind1="0" ind2="0" tag="245"><subfield code="a">Columbus daily monitor.</subfield></datafield><datafield ind1="3" ind2="0" tag="246"><subfield code="a">Columbus Sunday monitor</subfield></datafield><datafield ind1=" " ind2=" " tag="260"><subfield code="a">Columbus [Ohio :</subfield><subfield code="b">Monitor Pub. Co.],</subfield><subfield code="c">1916-1917.</subfield></datafield><datafield ind1=" " ind2=" " tag="300"><subfield code="a">1 v. :</subfield><subfield code="b">ill. ;</subfield><subfield code="c">59 cm.</subfield></datafield><datafield ind1=" " ind2=" " tag="310"><subfield code="a">Daily,</subfield><subfield code="b">Apr. 15, 1917-July 5, 1917</subfield></datafield><datafield ind1=" " ind2=" " tag="321"><subfield code="a">Daily,</subfield><subfield code="b">July 10, 1916-July 31, 1916</subfield></datafield><datafield ind1=" " ind2=" " tag="321"><subfield code="a">Daily (except Sun.),</subfield><subfield code="b">Aug. 1, 1916-Apr. 14, 1917</subfield></datafield><datafield ind1="0" ind2=" " tag="362"><subfield code="a">Vol. 1, no. 1 (July 10, 1916)-v. 2, no. 172 (July 5, 1917).</subfield></datafield><datafield ind1=" " ind2=" " tag="500"><subfield code="a">Published on Sunday as: Columbus Sunday monitor, July 10, 1916-July 31, 1916.</subfield></datafield><datafield ind1=" " ind2=" " tag="500"><subfield code="a">"Republican." Cf. Ayer, 1917.</subfield></datafield><datafield ind1=" " ind2=" " tag="500"><subfield code="a">Editor: E. Howard Gilkey.</subfield></datafield><datafield ind1=" " ind2=" " tag="752"><subfield code="a">United States</subfield><subfield code="b">Ohio</subfield><subfield code="c">Franklin</subfield><subfield code="d">Columbus.</subfield></datafield><datafield ind1="0" ind2="0" tag="780"><subfield code="t">Columbus Saturday monitor</subfield><subfield code="w">(DLC)sn 84028675</subfield></datafield><datafield ind1="1" ind2=" " tag="029"><subfield code="a">AU@</subfield><subfield code="b">000025797748</subfield></datafield></record>